%%
@book{albach.GdE1,
	author={Manfred Albach},
	title={{Grundlagen der Elektrotechnik 1}},
	publisher={Pearson Studium},
	year={2005}
}

@manual{bib.m3pi,
	address={\url{http://www.pololu.com/docs/pdf/0J48/m3pi.pdf}},
	title={Pololu m3pi User’s Guide},
	year={2001},
	organization={Pololu}
}

@manual{bib.3pi,
	address={\url{http://www.pololu.com/docs/pdf/0J21/3pi.pdf}},
	title={Pololu 3pi Robot User’s Guide},
	year={2001},
	organization={Pololu}
}

@manual{bib.m3piClassReference,
	address={\url{http://mbed.org/users/chris/code/m3pi/docs/4b7d6ea9b35b//classm3pi.html}},
	title={m3pi Class Reference},
	author={Chris Styles},
	year={2011},
	organization={mbed}
}
